% Plačiau apie šaltinių tipus ir jų atributus:
% http://mirror.datacenter.by/pub/mirrors/CTAN/macros/latex/contrib/biblatex/doc/biblatex.pdf#subsection.2.1

% Pastaba dėl puslapių intervalo nurodymo: nesvarbu, ar naudosime '-', ar '--',
% tai bus paversta tuo pačiu simboliu (brūkšniu)

% Autorių vardai automatiškai paverčiami pirmosiomis raidėmis,
% o pavardės paliekamos, todėl vardus galima pateikti bet kuriuos būdu:
% Vardas Pavardė arba Pavardė, Vardas arba V. Pavardė
@article{python2021python,
  title={Python},
  author={Python, Why},
  journal={Python Releases Wind},
  volume={24},
  year={2021},
  publisher={Citeseer}
}

@book{csharp,
  title={C\# language specification},
  author={Hejlsberg, Anders and Wiltamuth, Scott and Golde, Peter},
  year={2003},
  publisher={Addison-Wesley Longman Publishing Co., Inc.}
}

@book{uipath,
  title={Learning Robotic Process Automation: Create Software robots and automate business processes with the leading RPA tool--UiPath},
  author={Tripathi, Alok Mani},
  year={2018},
  publisher={Packt Publishing Ltd}
}

@article{selenium,
  title={Analysis and design of selenium webdriver automation testing framework},
  author={Gojare, Satish and Joshi, Rahul and Gaigaware, Dhanashree},
  journal={Procedia Computer Science},
  volume={50},
  pages={341--346},
  year={2015},
  publisher={Elsevier}
}

@article{BluePrism,
  title={Introducing blue prism},
  author={Chappell, David},
  journal={Robotic Process Automation for the Enterprise. San Francisco, CA: Chappell \& Associates},
  year={2017}
}

@misc{xpath,
  title={XML path language (XPath)},
  author={Clark, James and DeRose, Steve and others},
  year={1999}
}

@book{SystemContextDiagrams,
  title={Systems engineering principles and practice},
  author={Kossiakoff, Alexander and Biemer, Steven M and Seymour, Samuel J and Flanigan, David A},
  year={2020},
  publisher={John Wiley \& Sons}
}

@online{DanskeAboutLT,
  author = {Danske Bank A/S Lietuvos filialas},
  title = {Danske Bank Apie Mus},
  url = {https://danskebank.lt/apie-banka/apie-mus/apie},
  urldate={2023-04-13},
}

@online{DanskeAbout,
  author = {Danske Bank},
  title = {Danske Bank About us},
  url = {https://danskebank.com/about-us},
  urldate={2023-04-13},
}

@online{DanskePasitraukimas,
    author={J. Rojaka, LRT RADIJO laida „Lietuvos diena“, LRT.lt},
    title={Kodėl „Danske Bank“ traukiasi iš Lietuvos ir kokios to pasekmės},
    url={https://www.lrt.lt/naujienos/verslas/4/210614/kodel-danske-bank-traukiasi-is-lietuvos-ir-kokios-to-pasekmes},
    year={2018},
    urldate={2023-04-13},
}

@online{DanskeDydis,
    author={Ernestas Naprys , Lukas Langvinis},
    title={Ketvirtas didžiausias darbdavys "Danske Bank" Lietuvoje didino apsukas: kokių IT specialistų poreikis tik augs},
    url={https://www.delfi.lt/login/verslas/karjera/ketvirtas-didziausias-darbdavys-danske-bank-lietuvoje-didino-apsukas-kokiu-it-specialistu-poreikis-tik-augs.d?id=89876727},
    year={2022},
    urldate={2023-04-13},
}

@online{DanskeIACoEJOB,
    author={M. Grebenkovas},
    title={Associate Business Analyst in Intelligent Automation CoE - job application},
    url={https://job.danskebank.lt/associate-business-analyst-in-intelligent-automation-coe-2/},
    year={2021},
    urldate={2023-04-13},
}

@online{RPADefiniton,
    author={UiPath},
    title={What is robotic process automation?},
    url={https://www.uipath.com/rpa/robotic-process-automation},
    year={2023},
    urldate={2023-04-15},
}

@online{RPARDA,
    author={UiPath},
    title={Attended Vs Unattended Robots},
    url={https://docs.uipath.com/robot/standalone/2022.10/user-guide/attended-vs-unattended-robots},
    year={2022},
    urldate={2023-04-15},
}

@book{masse2011rest,
  title={REST API design rulebook: designing consistent RESTful web service interfaces},
  author={Masse, Mark},
  year={2011},
  publisher={" O'Reilly Media, Inc."}
}

@misc{gudgin2003soap,
  title={SOAP Version 1.2},
  author={Gudgin, Martin and Hadley, Marc and Mendelsohn, Noah and Moreau, Jean-Jacques and Nielsen, Henrik Frystyk and Karmarkar, Anish and Lafon, Yves},
  year={2003},
  publisher={w3c}
}

@book{de2017api,
  title={API management},
  author={De, Brajesh and De, Brajesh},
  year={2017},
  publisher={Springer}
}

@book{maier1983theory,
  title={The theory of relational databases},
  author={Maier, David},
  volume={11},
  year={1983},
  publisher={Computer science press Rockville}
}

@book{melton1993understanding,
  title={Understanding the new SQL: a complete guide},
  author={Melton, Jim and Simon, Alan R},
  year={1993},
  publisher={Morgan Kaufmann}
}

@book{elfassy2013mastering,
  title={Mastering Microsoft Exchange Server 2013},
  author={Elfassy, David},
  year={2013},
  publisher={John Wiley \& Sons}
}

@misc{rfc3501,
    series =    {Request for Comments},
    number =    3501,
    howpublished =  {RFC 3501},
    publisher = {RFC Editor},
    doi =       {10.17487/RFC3501},
    url =       {https://www.rfc-editor.org/info/rfc3501},
    author =    {Mark Crispin},
    title =     {{INTERNET MESSAGE ACCESS PROTOCOL - VERSION 4rev1}},
    pagetotal = 108,
    year =      2003,
    month =     mar,
}

@misc{rfc1939,
    series =    {Request for Comments},
    number =    1939,
    howpublished =  {RFC 1939},
    publisher = {RFC Editor},
    doi =       {10.17487/RFC1939},
    url =       {https://www.rfc-editor.org/info/rfc1939},
    author =    {Dr. Marshall T. Rose and John G. Myers},
    title =     {{Post Office Protocol - Version 3}},
    pagetotal = 23,
    year =      1996,
    month =     may,
}

@misc{rfc821,
    series =    {Request for Comments},
    number =    821,
    howpublished =  {RFC 821},
    publisher = {RFC Editor},
    doi =       {10.17487/RFC0821},
    url =       {https://www.rfc-editor.org/info/rfc821},
    author =    {Jonathan B. Postel},
    title =     {{Simple Mail Transfer Protocol}},
    pagetotal = 72,
    year =      1982,
    month =     aug,
}

@online{selectors,
    author={UiPath},
    title={About Selectors},
    url={https://docs.uipath.com/studio/standalone/2022.10/user-guide/about-selectors},
    year={2022},
    urldate={2023-04-20},
}

@online{input-methods,
    author={UiPath},
    title={Input Methods},
    url={https://docs.uipath.com/studio/standalone/2022.10/user-guide/input-methods},
    year={2022},
    urldate={2023-04-20},
}

@online{web-scrapping,
    author={Adomas Sulcas, Oxylabs},
    title={Python Web Scraping Tutorial: Step-By-Step},
    url={https://oxylabs.io/blog/python-web-scraping},
    year={2022},
    urldate={2023-04-20},
}

@article{TshirtSize,
  title={Study on agile story point estimation techniques and challenges},
  author={Mallidi, Ravi Kiran and Sharma, Manmohan},
  journal={Int. J. Comput. Appl},
  volume={174},
  number={13},
  pages={9--14},
  year={2021}
}

@online{triggers,
    author={UiPath},
    title={About Triggers},
    url={https://docs.uipath.com/orchestrator/standalone/2022.10/user-guide/about-triggers},
    year={2022},
    urldate={2023-04-21},
}